%=======================================================================
% Modelo de arquivo de referências
%
%=======================================================================
@article{Huan:etal:2012,
  author =	 {S.-M. Huan and X.-S. Yang},
  title =	 {On the number of limit cycles in general planar piecewise
linear systems},
  journal =	 {Discrete and Continuous Dynamical Systems},
  year =	 2012,
  volume =	 32,
  number =	 6,
  pages =	 {2147--2164},
  doi =		 {10.3934/dcds.2012.32.2147}
}

@article{HAN20102399,
title = {On Hopf bifurcation in non-smooth planar systems},
journal = {Journal of Differential Equations},
volume = {248},
number = {9},
pages = {2399-2416},
year = {2010},
doi = {https://doi.org/10.1016/j.jde.2009.10.002},
url = {https://www.sciencedirect.com/science/article/pii/S0022039609004094},
author = {M. Han and W. Zhang}
}

@article{LilPonce2012,
author = {J. Llibre and E. Ponce},
year = {2012},
month = {01},
pages = {},
title = {Three nested limit cycles in discontinuous piecewise linear differential systems with two zones},
volume = {3},
journal = {Dynamics of Continuous, Discrete \& Impulsive Systems. Series B: Applications \& Algorithms}
}

@article{Tapia1971,
  author =	 {R. A. Tapia},
  title =	 {The Kantorovich Theorem for Newton's Method},
  journal =	 {The American Mathematical Monthly},
  year =	 {1971},
  volume =	 {78},
  number =	 {4},
  pages =	 {389--392},
  doi =		 {https://doi.org/10.2307/2316909}
}

@article{JLi,
  author =	 {J. Li},
  title =	 {Hilbert’s 16th problem and bifurcations of planar polynomial vector fields},
  journal =	 {International Journal of Bifurcation and Chaos},
  year =	 {2003},
  volume =	 {13},
  number =	 {1},
  pages =	 {47--106},
  doi =		 {https://doi.org/10.1142/S0218127403006352}
}

@book{bernardoetal,
  author =	 {M. di Bernardo, C. J. Budd, A. R. Champneys and P. Kowalczyk},
  title =	 {Piecewise-Smooth Dynamical Systems. Theory and Application},
  year =	 {2008},
  publisher =	 {Springer-Verlag
London Ltd.},
  address =	 {London}
}

@book{Kuznetsov:1998,
  title =	 {Elements of Applied Bifurcation Theory, Second Edition},
  author =	 {Y. A. Kuznetsov},
  year =	 {1998},
  publisher =	 {Springer},
  address =	 {Utrecht and Pushchino}
}